% ----------Web----------

@misc{YellowTaxiTripRecords,
  author       = {City of New York},
  title        = {Yellow Taxi Trip Records},
  howpublished = {\url{https://d37ci6vzurychx.cloudfront.net/trip-data/yellow_tripdata_2023-01.parquet}},
  note         = {\\Accessed: 2024-05-27},
  year         = {2023}
}

% ----------Paper----------

% ----------Book----------
@book{近況,
  title={非観光都市におけるシェアサイクルの導入動機が利用意向に及ぼす影響に関する研究},
  author={北村 舜・鈴木 美緒},
  year={2019},
  publisher={自転車対策審議会資料No5}
}
