% Web ------------------------------
% 'title = {{}}' とすることで、大文字情報を保持できる

@misc{YellowTaxiTripRecords,
  author       = {City of New York},
  title        = {Yellow Taxi Trip Records},
  howpublished = {\url{https://d37ci6vzurychx.cloudfront.net/trip-data/yellow_tripdata_2023-01.parquet}},
  year         = {2023}
}

% Paper ------------------------------
@article{cyclegan-vc2,
    title = {Cyclegan-vc2: Improved cyclegan-based non-parallel voice conversion},
    author = {Kaneko, Takuhiro and Kameoka, Hirokazu and Tanaka, Kou and Hojo, Nobukatsu},
    journal = {ICASSP 2019-2019 IEEE International Conference on Acoustics, Speech and Signal Processing (ICASSP)},
    pages = {6820--6824},
    year = {2019},
}
@article{jsut,
    title = {JSUT corpus: free large-scale Japanese speech corpus for end-to-end speech synthesis},
    author = {Sonobe, Ryosuke and Takamichi, Shinnosuke and Saruwatari, Hiroshi},
    journal = {arXiv preprint arXiv:1711.00354},
    year = {2017},
}
@article{sample_article,
    title = {},
    author = {},
    journal = {},
    pages = {},
    year = {},
}

% Book ------------------------------
@book{sample_book,
    title = {},
    author = {},
    publisher = {},
    year = {},
}

@book{近況,
  title={非観光都市におけるシェアサイクルの導入動機が利用意向に及ぼす影響に関する研究},
  author={北村 舜・鈴木 美緒},
  year={2019},
  publisher={自転車対策審議会資料No5}
}

