% Web ------------------------------
% 'title = {{}}' とすることで、大文字情報を保持できる
@misc{sample_web,
    title = {{}},
    howpublished = {\url{}},
}


% Article ------------------------------
% 論文誌に掲載されている論文．

@article{gomory1960integer,
  title={Integer programming and pricing},
  author={Gomory, Ralph E and Baumol, William J},
  journal={Econometrica: Journal of the Econometric Society},
  pages={521--550},
  year={1960},
  publisher={JSTOR}
}


% InCollection ------------------------------
% 書籍の一部．ただし，その部分が独立した表題を持っているようなもの． 学会や研究会があるテーマに沿った特集を組んで その分野のリーダー的存在の人たちが投稿した論文やテクニカルノートなどを収録した本に載っている文書．

@incollection{hooker2024integer,
  title={Integer programming duality},
  author={Hooker, John N},
  booktitle={Encyclopedia of Optimization},
  pages={1--13},
  year={2024},
  publisher={Springer}
}

% Book ------------------------------
% 書籍．

@book{wolsey2020integer,
  title={Integer programming},
  author={Wolsey, Laurence A},
  year={2020},
  publisher={John Wiley \& Sons}
}


